[gd_scene load_steps=4 format=2]

[ext_resource path="res://src/BattleScene.gd" type="Script" id=1]
[ext_resource path="res://src/Character.gd" type="Script" id=2]
[ext_resource path="res://src/common.gd" type="Script" id=3]

[node name="Node2D" type="Node2D"]
script = ExtResource( 3 )

[node name="Character" type="Node" parent="."]
script = ExtResource( 2 )

[node name="BattleScene" type="Node" parent="."]
script = ExtResource( 1 )

[node name="ColorRect" type="ColorRect" parent="BattleScene"]
anchor_right = 1.0
anchor_bottom = 1.0
margin_bottom = -0.200001
mouse_filter = 2
__meta__ = {
"_edit_use_anchors_": false
}

[node name="StatusLabel" type="Label" parent="BattleScene"]
margin_right = 40.0
margin_bottom = 14.0
mouse_filter = 0
custom_colors/font_color = Color( 0, 0, 0, 1 )
custom_colors/font_outline_modulate = Color( 1, 0, 0.203922, 1 )
text = "Status: "
__meta__ = {
"_edit_use_anchors_": false
}

[node name="ButtonMenu" type="Node" parent="BattleScene"]

[node name="AttackButton" type="Button" parent="BattleScene/ButtonMenu"]
margin_left = 10.0
margin_top = 40.0
margin_right = 62.0
margin_bottom = 60.0
text = "Attack"
__meta__ = {
"_edit_use_anchors_": false
}

[node name="GuardButton" type="Button" parent="BattleScene/ButtonMenu"]
margin_left = 12.0
margin_top = 67.0
margin_right = 62.0
margin_bottom = 87.0
text = "Guard"
__meta__ = {
"_edit_use_anchors_": false
}

[node name="WindUpButton" type="Button" parent="BattleScene/ButtonMenu"]
margin_left = 75.0
margin_top = 39.0
margin_right = 140.0
margin_bottom = 59.0
text = "Wind up"
__meta__ = {
"_edit_use_anchors_": false
}

[node name="HeavyButton" type="Button" parent="BattleScene/ButtonMenu"]
margin_left = 75.0
margin_top = 67.0
margin_right = 126.0
margin_bottom = 87.0
text = "Heavy"
__meta__ = {
"_edit_use_anchors_": false
}

[node name="HealthBarGroup" type="Node" parent="BattleScene"]

[node name="HealthBarBackground" type="ColorRect" parent="BattleScene/HealthBarGroup"]
margin_left = 12.0
margin_top = 93.0
margin_right = 221.0
margin_bottom = 119.0
color = Color( 0, 0, 0, 1 )
__meta__ = {
"_edit_use_anchors_": false
}

[node name="HealthBar" type="ColorRect" parent="BattleScene/HealthBarGroup"]
margin_left = 13.0
margin_top = 95.0
margin_right = 218.0
margin_bottom = 117.0
color = Color( 0, 0.92549, 0.317647, 1 )
__meta__ = {
"_edit_use_anchors_": false
}

[node name="EnemyHealthBarGroup" type="Node" parent="BattleScene"]

[node name="HealthBarBackground" type="ColorRect" parent="BattleScene/EnemyHealthBarGroup"]
margin_left = 375.0
margin_top = 23.0
margin_right = 584.0
margin_bottom = 49.0
color = Color( 0, 0, 0, 1 )
__meta__ = {
"_edit_use_anchors_": false
}

[node name="HealthBar" type="ColorRect" parent="BattleScene/EnemyHealthBarGroup"]
margin_left = 377.0
margin_top = 25.0
margin_right = 582.0
margin_bottom = 47.0
color = Color( 0.92549, 0, 0.435294, 1 )
__meta__ = {
"_edit_use_anchors_": false
}

[connection signal="pressed" from="BattleScene/ButtonMenu/AttackButton" to="BattleScene" method="_on_AttackButton_pressed"]
[connection signal="pressed" from="BattleScene/ButtonMenu/GuardButton" to="BattleScene" method="_on_GuardButton_pressed"]
[connection signal="pressed" from="BattleScene/ButtonMenu/WindUpButton" to="BattleScene" method="_on_WindUpButton_pressed"]
[connection signal="pressed" from="BattleScene/ButtonMenu/HeavyButton" to="BattleScene" method="_on_HeavyButton_pressed"]
